@article{Chalup2007,
  author    = {S. K. Chalup and L. Wiklendt},
  title     = {Variations of the Two-Spiral Task},
  journal   = {Connection Science},
  volume    = {19},
  number    = {2},
  pages     = {183--199},
  year      = {2007},
  month     = jun,
  url       = {http://hdl.handle.net/1959.13/808886}
}

@inproceedings{Lang1988,
  author    = {K. J. Lang and M. J. Witbrock},
  title     = {Learning to tell two spirals apart},
  booktitle = {Proceedings 1988 Connectionist Models Summer School},
  editor    = {D. Touretzky and G. Hinton and T. Sejnowski},
  publisher = {Morgan Kaufmann},
  address   = {Los Altos, CA},
  pages     = {52--59},
  year      = {1988}
}

@article{McDermott2016,
  author    = {J. McDermott and R. S. Forsyth},
  title     = {Diagnosing a disorder in a classification benchmark},
  journal   = {Pattern Recognition Letters},
  volume    = {73},
  pages     = {41--43},
  year      = {2016}
}
